<?xml version="1.0" encoding="UTF-8"?><collection xmlns="http://www.loc.gov/MARC21/slim"><record><leader>00541nam--2200169-i-4500</leader><controlfield tag="001">000007137</controlfield><controlfield tag="002">20161230</controlfield><controlfield tag="005">20161230201027</controlfield><controlfield tag="008">060222s1000------------r-----000-0-eng-d</controlfield><datafield ind1=" " ind2=" " tag="040"><subfield code="a">IFIN-HH</subfield></datafield><datafield ind1="1" ind2=" " tag="100"><subfield code="a">Burakov, V.S</subfield></datafield><datafield ind1="1" ind2="0" tag="245"><subfield code="a">Practical handbook on spectral analysis</subfield><subfield code="b">Translated from the russian by r.hardbottle. translation edited by s.tolansky</subfield><subfield code="c">V.s. burakov; a.a. yankovskii</subfield></datafield><datafield ind1=" " ind2=" " tag="260"><subfield code="a">Oxford</subfield><subfield code="b">Pergamon Press</subfield><subfield code="c">1964</subfield></datafield><datafield ind1=" " ind2=" " tag="300"><subfield code="a">XIV + 190 P</subfield></datafield><datafield ind1="1" ind2=" " tag="700"><subfield code="a">Yankovskii, A.A</subfield></datafield><datafield ind1=" " ind2=" " tag="852"><subfield code="a">21137</subfield><subfield code="c">535.33</subfield></datafield><datafield ind1=" " ind2=" " tag="CAT"><subfield code="a">Sys</subfield><subfield code="c">20101202</subfield><subfield code="h">134322</subfield></datafield></record></collection>